@article{DeepMindAtari2013,
  author    = {Volodymyr Mnih and
               Koray Kavukcuoglu and
               David Silver and
               Alex Graves and
               Ioannis Antonoglou and
               Daan Wierstra and
               Martin A. Riedmiller},
  title     = {Playing Atari with Deep Reinforcement Learning},
  journal   = {CoRR},
  volume    = {abs/1312.5602},
  year      = {2013},
  url       = {http://arxiv.org/abs/1312.5602},
  eprinttype = {arXiv},
  eprint    = {1312.5602},
  timestamp = {Mon, 13 Aug 2018 16:47:42 +0200},
  biburl    = {https://dblp.org/rec/journals/corr/MnihKSGAWR13.bib},
  bibsource = {dblp computer science bibliography, https://dblp.org}
}

@article{mnih2015humanlevel,
  added-at = {2015-08-26T14:46:40.000+0200},
  author = {Mnih, Volodymyr and Kavukcuoglu, Koray and Silver, David and Rusu, Andrei A. and Veness, Joel and Bellemare, Marc G. and Graves, Alex and Riedmiller, Martin and Fidjeland, Andreas K. and Ostrovski, Georg and Petersen, Stig and Beattie, Charles and Sadik, Amir and Antonoglou, Ioannis and King, Helen and Kumaran, Dharshan and Wierstra, Daan and Legg, Shane and Hassabis, Demis},
  biburl = {https://www.bibsonomy.org/bibtex/2fb15f4471c81dc2b9edf2304cb2f7083/hotho},
  description = {Human-level control through deep reinforcement learning - nature14236.pdf},
  interhash = {eac59980357d99db87b341b61ef6645f},
  intrahash = {fb15f4471c81dc2b9edf2304cb2f7083},
  issn = {00280836},
  journal = {Nature},
  keywords = {deep learning toread},
  month = feb,
  number = 7540,
  pages = {529--533},
  publisher = {Nature Publishing Group, a division of Macmillan Publishers Limited. All Rights Reserved.},
  timestamp = {2015-08-26T14:46:40.000+0200},
  title = {Human-level control through deep reinforcement learning},
  url = {http://dx.doi.org/10.1038/nature14236},
  volume = 518,
  year = 2015
}




@article{DeepMindDDQN2015,
  author    = {Hado van Hasselt and
               Arthur Guez and
               David Silver},
  title     = {Deep Reinforcement Learning with Double Q-learning},
  journal   = {CoRR},
  volume    = {abs/1509.06461},
  year      = {2015},
  url       = {http://arxiv.org/abs/1509.06461},
  eprinttype = {arXiv},
  eprint    = {1509.06461},
  timestamp = {Mon, 13 Aug 2018 16:47:32 +0200},
  biburl    = {https://dblp.org/rec/journals/corr/HasseltGS15.bib},
  bibsource = {dblp computer science bibliography, https://dblp.org}
}

@inproceedings{NIPS2010_091d584f,
 author = {Hasselt, Hado},
 booktitle = {Advances in Neural Information Processing Systems},
 editor = {J. Lafferty and C. Williams and J. Shawe-Taylor and R. Zemel and A. Culotta},
 pages = {},
 publisher = {Curran Associates, Inc.},
 title = {Double Q-learning},
 url = {https://proceedings.neurips.cc/paper/2010/file/091d584fced301b442654dd8c23b3fc9-Paper.pdf},
 volume = {23},
 year = {2010}
}

@article{DeepMindDueling,
  author    = {Ziyu Wang and
               Nando de Freitas and
               Marc Lanctot},
  title     = {Dueling Network Architectures for Deep Reinforcement Learning},
  journal   = {CoRR},
  volume    = {abs/1511.06581},
  year      = {2015},
  url       = {http://arxiv.org/abs/1511.06581},
  eprinttype = {arXiv},
  eprint    = {1511.06581},
  timestamp = {Mon, 13 Aug 2018 16:48:17 +0200},
  biburl    = {https://dblp.org/rec/journals/corr/WangFL15.bib},
  bibsource = {dblp computer science bibliography, https://dblp.org}
}

@article{DeepMindRainbow,
  author    = {Matteo Hessel and
               Joseph Modayil and
               Hado van Hasselt and
               Tom Schaul and
               Georg Ostrovski and
               Will Dabney and
               Daniel Horgan and
               Bilal Piot and
               Mohammad Gheshlaghi Azar and
               David Silver},
  title     = {Rainbow: Combining Improvements in Deep Reinforcement Learning},
  journal   = {CoRR},
  volume    = {abs/1710.02298},
  year      = {2017},
  url       = {http://arxiv.org/abs/1710.02298},
  eprinttype = {arXiv},
  eprint    = {1710.02298},
  timestamp = {Mon, 13 Aug 2018 16:48:05 +0200},
  biburl    = {https://dblp.org/rec/journals/corr/abs-1710-02298.bib},
  bibsource = {dblp computer science bibliography, https://dblp.org}
}

@article{SpinningUp2018,
    author = {Achiam, Joshua},
    title = {{Spinning Up in Deep Reinforcement Learning}},
    year = {2018}
}


@BOOK{Geron2019-kz,
  title     = "Hands-on machine learning with Scikit-Learn, Keras, and
               {TensorFlow}: Concepts, tools, and techniques to build
               intelligent systems",
  author    = "Geron, Aurelien",
  publisher = "O'Reilly Media",
  edition   =  2,
  year      =  2019,
  address   = "Sebastopol, CA"
}

@book{Sutton1998,
  added-at = {2019-07-13T10:11:53.000+0200},
  author = {Sutton, Richard S. and Barto, Andrew G.},
  biburl = {https://www.bibsonomy.org/bibtex/2f46601cf8b13d39d1378af0d79438b12/lanteunis},
  edition = {Second},
  interhash = {ac6b144aaec1819919a2fba9f705c852},
  intrahash = {f46601cf8b13d39d1378af0d79438b12},
  keywords = {},
  publisher = {The MIT Press},
  timestamp = {2019-07-13T10:11:53.000+0200},
  title = {Reinforcement Learning: An Introduction},
  url = {http://incompleteideas.net/book/the-book-2nd.html},
  year = {2018 }
}


